% Encoding: UTF-8

@article{sucan2012the-open-motion-planning-library,
    Author = {Ioan A. {\c{S}}ucan and Mark Moll and Lydia E. Kavraki},
    Doi = {10.1109/MRA.2012.2205651},
    Journal = {{IEEE} Robotics \& Automation Magazine},
    Month = {December},
    Number = {4},
    Pages = {72--82},
    Title = {The {O}pen {M}otion {P}lanning {L}ibrary},
    Note = {\url{https://ompl.kavrakilab.org}},
    Volume = {19},
    Year = {2012}
}

@book{mark2020control,
  title={Robot Modeling and Control},
  author={Mark W. Spong and Seth Hutchinson and M. Vidyasagar},
  isbn={9781119524076},
  year={2020},
  publisher={John Wiley \& Sons}
}

@book{kelly2007control,
  title={Control of Robot Manipulators in Joint Space},
  author={Kelly, R. and Davila, V.S. and Perez, J.A.L.},
  isbn={9781852339999},
  lccn={2005924306},
  series={Advanced Textbooks in Control and Signal Processing},
  url={https://books.google.com/books?id=KsBRJQEeEPcC},
  year={2007},
  publisher={Springer London}
}

@book{william25,
title = {University Physics},
author = {William Moebs and Samuel J. Ling and Jeff Sanny},
publisher = {openstax},
edition = {Volume 1},
year = {2025},
url = {https://openstax.org/books/university-physics-volume-1/pages/4-3-projectile-motion}
}

@electronic{gnat-kimo,
    title = {Geometric Near-neighbor Access Tree (GNAT) revisited},
    author = {Kimmo Fredriksson},
    month = {May},
    year = {2016},
    url = {\url{https://arxiv.org/pdf/1605.05944}}
}

@electronic{gnat-sergey,
    title = {Near Neighbor Search in Large Metric Spaces},
    author = {Sergey Brin},
    year = {1995},
    url = {\url{https://www.vldb.org/conf/1995/P574.PDF}}
}

@inproceedings{Pivtoraiko2005EfficientCP,
  title={Efficient Constrained Path Planning via Search in State Lattices},
  author={Mihail Pivtoraiko and Alonzo Kelly},
  year={2005},
  url={https://api.semanticscholar.org/CorpusID:11899552}
}

@electronic{fcl,
  title         = {Flexible Collision Library},
  url           = {https://github.com/flexible-collision-library/fcl},
}

@incollection{SCHNEIDER2003481,
title = {CHAPTER 11 - INTERSECTION IN 3D},
editor = {PHILIP J. SCHNEIDER and DAVID H. EBERLY},
booktitle = {Geometric Tools for Computer Graphics},
publisher = {Morgan Kaufmann},
address = {San Francisco},
pages = {481-662},
year = {2003},
series = {The Morgan Kaufmann Series in Computer Graphics},
isbn = {978-1-55860-594-7},
doi = {https://doi.org/10.1016/B978-155860594-7/50014-X},
url = {https://www.sciencedirect.com/science/article/pii/B978155860594750014X},
author = {PHILIP J. SCHNEIDER and DAVID H. EBERLY}
}

@electronic{boost,
  title         = {Boost C++ Libraries},
  url           = {https://www.boost.org/},
  year          = {2007}
}

@article{opencv_library,
    author = {Bradski, G.},
    citeulike-article-id = {2236121},
    journal = {Dr. Dobb's Journal of Software Tools},
    keywords = {bibtex-import},
    posted-at = {2008-01-15 19:21:54},
    priority = {4},
    title = {{The OpenCV Library}},
    year = {2000}
}

@book{cgal:eb-24b,
 title        = {{CGAL} User and Reference Manual},
 author      = {The CGAL Project},
 publisher     = {CGAL Editorial Board},
 edition     = {6.0.1},
 year         = 2024,
 url =    {https://doc.cgal.org/6.0.1/Manual/packages.html}
}